@misc{harriscountydeeds,
  title        = {Harris County Clerk Real Property Search},
  author       = {{Harris County Clerk's Office}},
  year         = {2025},
  howpublished = {\url{https://www.cclerk.hctx.net/Applications/WebSearch/RP.aspx}},
  note         = {Accessed: 2025-06-04}
}


@article{devlin2018bert,
  title={BERT: Pre-training of Deep Bidirectional Transformers for Language Understanding},
  author={Devlin, Jacob and Chang, Ming-Wei and Lee, Kenton and Toutanova, Kristina},
  journal={arXiv preprint arXiv:1810.04805},
  year={2018},
  url={https://arxiv.org/abs/1810.04805}
}

@inproceedings{vaswani2017attention,
  title={Attention is All You Need},
  author={Vaswani, Ashish and Shazeer, Noam and Parmar, Niki and Uszkoreit, Jakob and Jones, Llion and Gomez, Aidan N and Kaiser, Łukasz and Polosukhin, Illia},
  booktitle={Advances in Neural Information Processing Systems},
  year={2017}
}

@article{mikolov2013efficient,
  title={Efficient Estimation of Word Representations in Vector Space},
  author={Mikolov, Tomas and Chen, Kai and Corrado, Greg and Dean, Jeffrey},
  journal={arXiv preprint arXiv:1301.3781},
  year={2013},
  url={https://arxiv.org/abs/1301.3781}
}

@inproceedings{lafferty2001conditional,
  title={Conditional Random Fields: Probabilistic Models for Segmenting and Labeling Sequence Data},
  author={Lafferty, John and McCallum, Andrew and Pereira, Fernando},
  booktitle={Proceedings of the Eighteenth International Conference on Machine Learning},
  year={2001}
}

@article{huang2015bidirectional,
  title={Bidirectional LSTM-CRF Models for Sequence Tagging},
  author={Huang, Zhiheng and Xu, Wei and Yu, Kai},
  journal={arXiv preprint arXiv:1508.01991},
  year={2015},
  url={https://arxiv.org/abs/1508.01991}
}

@inproceedings{ramshaw1995text,
  title={Text Chunking using Transformation-Based Learning},
  author={Ramshaw, Lance A. and Marcus, Mitchell P.},
  booktitle={Third ACL Workshop on Very Large Corpora},
  year={1995}
}

@article{wolf2020transformers,
  title={Transformers: State-of-the-Art Natural Language Processing},
  author={Wolf, Thomas and Debut, Lysandre and Sanh, Victor and Chaumond, Julien and Delangue, Clement and Moi, Anthony and Cistac, Pierric and Rault, Tim and Louf, Rémi and Funtowicz, Morgan and Brew, Jamie},
  journal={Proceedings of the 2020 Conference on Empirical Methods in Natural Language Processing: System Demonstrations},
  pages={38--45},
  year={2020}
}

@misc{spacy,
  author       = {Explosion AI},
  title        = {spaCy: Industrial-strength Natural Language Processing in Python},
  year         = {2023},
  url          = {https://spacy.io}
}

@article{paszke2019pytorch,
  title={PyTorch: An Imperative Style, High-Performance Deep Learning Library},
  author={Paszke, Adam and Gross, Sam and Massa, Francisco and Lerer, Adam and Bradbury, James and Chanan, Gregory and others},
  journal={Advances in Neural Information Processing Systems},
  volume={32},
  year={2019}
}

@misc{libpostal,
  author = {OpenVenues},
  title = {Libpostal: A library for parsing/normalizing street addresses around the world},
  year = {2023},
  url = {https://github.com/openvenues/libpostal}
}

@misc{dateparser,
  title={Dateparser: Recognize and Parse Dates from Natural Language Strings},
  author={Scrapinghub},
  year={2023},
  url={https://dateparser.readthedocs.io}
}

@misc{microsoftazureocr,
  title={Azure Computer Vision Read API Documentation},
  author={Microsoft},
  year={2023},
  howpublished={\url{https://learn.microsoft.com/en-us/azure/cognitive-services/computer-vision/concept-recognizing-text}},
  note={Accessed: 2025-06-04}
}

@misc{googleocr,
  title={Cloud Vision OCR Documentation},
  author={Google Cloud},
  year={2023},
  howpublished={\url{https://cloud.google.com/vision/docs/ocr}},
  note={Accessed: 2025-06-04}
}

@book{friedl2006regex,
  title={Mastering Regular Expressions},
  author={Friedl, Jeffrey E. F.},
  publisher={O'Reilly Media},
  year={2006}
}

@inproceedings{chiticariu2010systemt,
  title={SystemT: An Algebraic Approach to Declarative Information Extraction},
  author={Chiticariu, Laura and Krishnamurthy, Rajasekar and Reiss, Frederick},
  booktitle={ACL},
  year={2010}
}

@inproceedings{tjong2003introduction,
  title={Introduction to the CoNLL-2003 Shared Task: Language-Independent Named Entity Recognition},
  author={Tjong Kim Sang, Erik F. and De Meulder, Fien},
  booktitle={Proceedings of CoNLL-2003},
  year={2003}
}

@article{openai2023gpt4,
  title={GPT-4 Technical Report},
  author={OpenAI},
  journal={arXiv preprint arXiv:2303.08774},
  year={2023},
  url={https://arxiv.org/abs/2303.08774}
}

@misc{openai2023systemcard,
  title={GPT-4 System Card},
  author={OpenAI},
  year={2023},
  howpublished={\url{https://cdn.openai.com/papers/gpt-4-system-card.pdf}},
  note={Accessed: 2025-06-04}
}

@inproceedings{wallace2019nlpnumber,
  title={Do NLP Models Know Numbers? Probing Numeracy in Embeddings},
  author={Wallace, Eric and Wang, Yizhong and Li, Sujian and Singh, Sameer and Gardner, Matt},
  booktitle={EMNLP},
  year={2019}
}

@inproceedings{schuster2012japanese,
  title={Japanese and Korean voice search},
  author={Schuster, Mike and Nakajima, Kaisuke},
  booktitle={2012 IEEE International Conference on Acoustics, Speech and Signal Processing (ICASSP)},
  pages={5149--5152},
  year={2012},
  organization={IEEE}
}

@inproceedings{ratinov2009design,
  title={Design Challenges and Misconceptions in Named Entity Recognition},
  author={Ratinov, Lev and Roth, Dan},
  booktitle={Proceedings of the Thirteenth Conference on Computational Natural Language Learning (CoNLL)},
  pages={147--155},
  year={2009}
}

@article{rumelhart1986learning,
  title={Learning representations by back-propagating errors},
  author={Rumelhart, David E and Hinton, Geoffrey E and Williams, Ronald J},
  journal={Nature},
  volume={323},
  number={6088},
  pages={533--536},
  year={1986},
  publisher={Nature Publishing Group},
  doi={10.1038/323533a0}
}

@misc{nj_realty_transfer_fee,
  title        = {NJ Division of Taxation - Realty Transfer Fee},
  author       = {{New Jersey Division of Taxation}},
  year         = {2025},
  url          = {https://www.nj.gov/treasury/taxation/realty.shtml},
  note         = {Accessed: 2025-06-04}
}

@misc{johnantell_document_dates,
  title        = {About Document Dates},
  author       = {John Antell},
  year         = {2025},
  url          = {https://www.johnantell.co.uk/about-document-dates},
  note         = {Accessed: 2025-06-04}
}

@misc{fastercapital_effective_dates,
  title        = {Importance of Effective Dates in Legal Documents},
  author       = {FasterCapital},
  year         = {2025},
  url          = {https://fastercapital.com/topics/importance-of-effective-dates-in-legal-documents.html},
  note         = {Accessed: 2025-06-04}
}

@misc{cassiefinance_signature_date,
  title        = {Signature Date Definition},
  author       = {Cassie Finance},
  year         = {2025},
  url          = {https://cassiefinance.com/dictionary/signature-date},
  note         = {Accessed: 2025-06-04}
}


@misc{oracle_address_cleansing,
  title        = {Data Quality: Name and Address Cleansing},
  author       = {{Oracle Corporation}},
  year         = {2025},
  url          = {https://docs.oracle.com/cd/E10926_01/doc/owb.101/b12146/dataquality.htm},
  note         = {Accessed: 2025-06-04}
}




